@article{humboldt1805essai,
  title={Essai sur la g{\'e}ographie des plantes},
  author={Humboldt, Alexander von and Bonpland, Aim{\'e} and others},
  year={1805},
  publisher={Chez Levrault, Schoell et compagnie, libraires}
}

@book{chase2003ecological,
	title={Ecological niches: linking classical and contemporary approaches},
	author={Chase, Jonathan M and Leibold, Mathew A},
	year={2003},
	publisher={University of Chicago Press}
}

@book{peterson2011ecological,
	title={Ecological niches and geographic distributions (MPB-49)},
	author={Peterson, A Townsend and Sober{\'o}n, Jorge and Pearson, Richard G and Anderson, Robert P and Mart{\'\i}nez-Meyer, Enrique and Nakamura, Miguel and Ara{\'u}jo, Miguel B},
	volume={56},
	year={2011},
	publisher={Princeton University Press}
}

@article{grinnell1917niche,
	title={The niche-relationships of the California Thrasher},
	author={Grinnell, Joseph},
	journal={Auk},
	volume={34},
	number={4},
	pages={427--433},
	year={1917}
}

@article{elton1927nature,
	title={The nature and origin of soil-polygons in Spitsbergen},
	author={Elton, Charles S},
	journal={Quarterly Journal of the Geological Society},
	volume={83},
	number={1-5},
	pages={163--NP},
	year={1927},
	publisher={Geological Society of London}
}

@inproceedings{hutchinson1957multivariate,
	title={The multivariate niche},
	author={Hutchinson, GE},
	booktitle={Cold Spring Harbor Symposia on Quantitative Biology},
	volume={22},
	pages={415--421},
	year={1957}
}

@article{hirzel2008habitat,
	title={Habitat suitability modelling and niche theory},
	author={Hirzel, Alexandre H and Le Lay, Gwena{\"e}lle},
	journal={Journal of Applied Ecology},
	volume={45},
	number={5},
	pages={1372--1381},
	year={2008},
	publisher={Wiley Online Library}
}

@article{guisan2005predicting,
	title={Predicting species distribution: offering more than simple habitat models},
	author={Guisan, Antoine and Thuiller, Wilfried},
	journal={Ecology letters},
	volume={8},
	number={9},
	pages={993--1009},
	year={2005},
	publisher={Wiley Online Library}
}

@article{elith2009species,
	title={Species distribution models: ecological explanation and prediction across space and time},
	author={Elith, Jane and Leathwick, John R},
	journal={Annual review of ecology, evolution, and systematics},
	volume={40},
	pages={677--697},
	year={2009},
	publisher={Annual Reviews}
}

@article{hardin1960competitive,
	title={The competitive exclusion principle},
	author={Hardin, Garrett},
	journal={science},
	volume={131},
	number={3409},
	pages={1292--1297},
	year={1960},
	publisher={JSTOR}
}


@article{schoener1974resource,
	title={Resource partitioning in ecological communities},
	author={Schoener, Thomas W},
	journal={Science},
	volume={185},
	number={4145},
	pages={27--39},
	year={1974},
	publisher={American Association for the Advancement of Science}
}


@article{wisz2013role,
	title={The role of biotic interactions in shaping distributions and realised assemblages of species: implications for species distribution modelling},
	author={Wisz, Mary Susanne and Pottier, Julien and Kissling, W Daniel and Pellissier, Lo{\"\i}c and Lenoir, Jonathan and Damgaard, Christian F and Dormann, Carsten F and Forchhammer, Mads C and Grytnes, John-Arvid and Guisan, Antoine and others},
	journal={Biological reviews},
	volume={88},
	number={1},
	pages={15--30},
	year={2013},
	publisher={Wiley Online Library}
}


@article{pollock2014understanding,
	title={Understanding co-occurrence by modelling species simultaneously with a Joint Species Distribution Model (JSDM)},
	author={Pollock, Laura J and Tingley, Reid and Morris, William K and Golding, Nick and O'Hara, Robert B and Parris, Kirsten M and Vesk, Peter A and McCarthy, Michael A},
	journal={Methods in Ecology and Evolution},
	volume={5},
	number={5},
	pages={397--406},
	year={2014},
	publisher={Wiley Online Library}
}

@article{lany2018asymmetric,
	title={Asymmetric biotic interactions and abiotic niche differences revealed by a dynamic joint species distribution model},
	author={Lany, Nina K and Zarnetske, Phoebe L and Schliep, Erin M and Schaeffer, Robert N and Orians, Colin M and Orwig, David A and Preisser, Evan L},
	journal={Ecology},
	volume={99},
	number={5},
	pages={1018--1023},
	year={2018},
	publisher={Wiley Online Library}
}

@inproceedings{mikolov2013distributed,
	title={Distributed representations of words and phrases and their compositionality},
	author={Mikolov, Tomas and Sutskever, Ilya and Chen, Kai and Corrado, Greg S and Dean, Jeff},
	booktitle={Advances in neural information processing systems},
	pages={3111--3119},
	year={2013}
}

@inproceedings{rudolph2016exponential,
	title={Exponential family embeddings},
	author={Rudolph, Maja and Ruiz, Francisco and Mandt, Stephan and Blei, David},
	booktitle={Advances in Neural Information Processing Systems},
	pages={478--486},
	year={2016}
}


@inproceedings{liu2017zero,
	title={Zero-inflated exponential family embeddings},
	author={Liu, Li-Ping and Blei, David M},
	booktitle={Proceedings of the 34th International Conference on Machine Learning-Volume 70},
	pages={2140--2148},
	year={2017},
	organization={JMLR. org}
}


@book{guisan2017habitat,
	title={Habitat suitability and distribution models: with applications in R},
	author={Guisan, Antoine and Thuiller, Wilfried and Zimmermann, Niklaus E},
	year={2017},
	publisher={Cambridge University Press}
}

@article{munkemuller2015virtualcom,
	title={VirtualCom: a simulation model for eco-evolutionary community assembly and invasion},
	author={M{\"u}nkem{\"u}ller, Tamara and Gallien, Laure},
	journal={Methods in Ecology and Evolution},
	volume={6},
	number={6},
	pages={735--743},
	year={2015},
	publisher={Wiley Online Library}
}


@book{sanderson2015patterns,
	title={Patterns in Nature: The analysis of species co-occurrences},
	author={Sanderson, James G and Pimm, Stuart L},
	year={2015},
	publisher={University of Chicago Press}
}


@article{choler2005consistent,
	title={Consistent shifts in alpine plant traits along a mesotopographical gradient},
	author={Choler, Philippe},
	journal={Arctic, Antarctic, and Alpine Research},
	volume={37},
	number={4},
	pages={444--453},
	year={2005},
	publisher={Taylor \& Francis}
}


@article{choler2001facilitation,
	title={Facilitation and competition on gradients in alpine plant communities},
	author={Choler, Philippe and Michalet, Richard and Callaway, Ragan M},
	journal={Ecology},
	volume={82},
	number={12},
	pages={3295--3308},
	year={2001},
	publisher={Wiley Online Library}
}


@article{callaway2002positive,
	title={Positive interactions among alpine plants increase with stress},
	author={Callaway, Ragan M and Brooker, RW and Choler, Philippe and Kikvidze, Zaal and Lortie, Christopher J and Michalet, Richard and Paolini, Leonardo and Pugnaire, Francisco I and Newingham, Beth and Aschehoug, Erik T and others},
	journal={Nature},
	volume={417},
	number={6891},
	pages={844},
	year={2002},
	publisher={Nature Publishing Group}
}

@article{kikvidze2005linking,
	title={Linking patterns and processes in alpine plant communities: a global study},
	author={Kikvidze, Zaal and Pugnaire, Francisco I and Brooker, Robin W and Choler, Philippe and Lortie, Christopher J and Michalet, Richard and Callaway, Ragan M},
	journal={Ecology},
	volume={86},
	number={6},
	pages={1395--1400},
	year={2005},
	publisher={Wiley Online Library}
}

@article{gauzens2015trophic,
	title={Trophic groups and modules: two levels of group detection in food webs},
	author={Gauzens, Benoit and Th{\'e}bault, Elisa and Lacroix, G{\'e}rard and Legendre, St{\'e}phane},
	journal={Journal of The Royal Society Interface},
	volume={12},
	number={106},
	pages={20141176},
	year={2015},
	publisher={The Royal Society}
}

@article{shannon1949mathematical,
	title={A mathematical model of communication},
	author={Shannon, Claude E and Weaver, Warren},
	journal={Urbana, IL: University of Illinois Press},
	volume={11},
	year={1949}
}

@article{boulangeat2012accounting,
	title={Accounting for dispersal and biotic interactions to disentangle the drivers of species distributions and their abundances},
	author={Boulangeat, Isabelle and Gravel, Dominique and Thuiller, Wilfried},
	journal={Ecology letters},
	volume={15},
	number={6},
	pages={584--593},
	year={2012},
	publisher={Wiley Online Library}
}

@article{milns2010revealing,
	title={Revealing ecological networks using Bayesian network inference algorithms},
	author={Milns, Isobel and Beale, Colin M and Smith, V Anne},
	journal={Ecology},
	volume={91},
	number={7},
	pages={1892--1899},
	year={2010},
	publisher={Wiley Online Library}
}

@article{ovaskainen2017make,
	title={How to make more out of community data? A conceptual framework and its implementation as models and software},
	author={Ovaskainen, Otso and Tikhonov, Gleb and Norberg, Anna and Guillaume Blanchet, F and Duan, Leo and Dunson, David and Roslin, Tomas and Abrego, Nerea},
	journal={Ecology Letters},
	volume={20},
	number={5},
	pages={561--576},
	year={2017},
	publisher={Wiley Online Library}
}


@article{harris2016inferring,
	title={Inferring species interactions from co-occurrence data with Markov networks},
	author={Harris, David J},
	journal={Ecology},
	volume={97},
	number={12},
	pages={3308--3314},
	year={2016},
	publisher={Wiley Online Library}
}


@article{chiquet2018variational,
	title={Variational inference for sparse network reconstruction from count data},
	author={Chiquet, Julien and Mariadassou, Mahendra and Robin, St{\'e}phane},
	journal={arXiv preprint arXiv:1806.03120},
	year={2018}
}


@article{trifonova2015spatio,
	title={Spatio-temporal Bayesian network models with latent variables for revealing trophic dynamics and functional networks in fisheries ecology},
	author={Trifonova, Neda and Kenny, Andrew and Maxwell, David and Duplisea, Daniel and Fernandes, Jose and Tucker, Allan},
	journal={Ecological informatics},
	volume={30},
	pages={142--158},
	year={2015},
	publisher={Elsevier}
}


@article{aderhold2012hierarchical,
	title={Hierarchical Bayesian models in ecology: reconstructing species interaction networks from non-homogeneous species abundance data},
	author={Aderhold, Andrej and Husmeier, Dirk and Lennon, Jack J and Beale, Colin M and Smith, V Anne},
	journal={Ecological Informatics},
	volume={11},
	pages={55--64},
	year={2012},
	publisher={Elsevier}
}

@article{cazelles2016theory,
	title={A theory for species co-occurrence in interaction networks},
	author={Cazelles, K{\'e}vin and Ara{\'u}jo, Miguel B and Mouquet, Nicolas and Gravel, Dominique},
	journal={Theoretical Ecology},
	volume={9},
	number={1},
	pages={39--48},
	year={2016},
	publisher={Springer}
}


@article{staniczenko2017linking,
	title={Linking macroecology and community ecology: refining predictions of species distributions using biotic interaction networks},
	author={Staniczenko, Phillip PA and Sivasubramaniam, Prabu and Suttle, K Blake and Pearson, Richard G},
	journal={Ecology letters},
	volume={20},
	number={6},
	pages={693--707},
	year={2017},
	publisher={Wiley Online Library}
}


@article{tikhonov2017using,
	title={Using joint species distribution models for evaluating how species-to-species associations depend on the environmental context},
	author={Tikhonov, Gleb and Abrego, Nerea and Dunson, David and Ovaskainen, Otso},
	journal={Methods in Ecology and Evolution},
	volume={8},
	number={4},
	pages={443--452},
	year={2017},
	publisher={Wiley Online Library}
}

@article{poisot2015beyond,
	title={Beyond species: why ecological interaction networks vary through space and time},
	author={Poisot, Timoth{\'e}e and Stouffer, Daniel B and Gravel, Dominique},
	journal={Oikos},
	volume={124},
	number={3},
	pages={243--251},
	year={2015},
	publisher={Wiley Online Library}
}

@article{newman2006modularity,
	title={Modularity and community structure in networks},
	author={Newman, Mark EJ},
	journal={Proceedings of the national academy of sciences},
	volume={103},
	number={23},
	pages={8577--8582},
	year={2006},
	publisher={National Acad Sciences}
}

@article{pulliam2000relationship,
  title={On the relationship between niche and distribution},
  author={Pulliam, H Ronald},
  journal={Ecology letters},
  volume={3},
  number={4},
  pages={349--361},
  year={2000},
  publisher={Wiley Online Library}
}

@book{koller2009probabilistic,
	title={Probabilistic graphical models: principles and techniques},
	author={Koller, Daphne and Friedman, Nir},
	year={2009},
	publisher={MIT press}
}

@article{majdi2018there,
	title={There's no harm in having too much: A comprehensive toolbox of methods in trophic ecology},
	author={Majdi, Nabil and Hette-Tronquart, Nicolas and Auclair, Etienne and Bec, Alexandre and Chouvelon, Tiphaine and Cognie, Bruno and Danger, Micha{\"e}l and Decottignies, Priscilla and Dessier, Aur{\'e}lie and Desvilettes, Christian and others},
	journal={Food webs},
	volume={17},
	pages={e00100},
	year={2018},
	publisher={Elsevier}
}

@article{ohlmann2018mapping,
	title={Mapping the imprint of biotic interactions on $\beta$-diversity},
	author={Ohlmann, Marc and Mazel, Florent and Chalmandrier, Lo{\"\i}c and Bec, St{\'e}phane and Coissac, Eric and Gielly, Ludovic and Pansu, Johan and Schilling, Vincent and Taberlet, Pierre and Zinger, Lucie and others},
	journal={Ecology letters},
	volume={21},
	number={11},
	pages={1660--1669},
	year={2018},
	publisher={Wiley Online Library}
}

@article{pilosof2014host,
	title={Host--parasite network structure is associated with community-level immunogenetic diversity},
	author={Pilosof, Shai and Fortuna, Miguel A and Cosson, Jean-Francois and Galan, Maxime and Kittipong, Chaisiri and Ribas, Alexis and Segal, Eran and Krasnov, Boris R and Morand, Serge and Bascompte, Jordi},
	journal={Nature communications},
	volume={5},
	pages={5172},
	year={2014},
	publisher={Nature Publishing Group}
}

@article{faisal2010inferring,
	title={Inferring species interaction networks from species abundance data: A comparative evaluation of various statistical and machine learning methods},
	author={Faisal, Ali and Dondelinger, Frank and Husmeier, Dirk and Beale, Colin M},
	journal={Ecological Informatics},
	volume={5},
	number={6},
	pages={451--464},
	year={2010},
	publisher={Elsevier}
}