Automatically generated by Mendeley Desktop 1.19.3
Any changes to this file will be lost if it is regenerated by Mendeley.

BibTeX export options can be customized via Options -> BibTeX in Mendeley Desktop

@article{Ohlmann2019a,
author = {Ohlmann, M. and Miele, V. and Dray, S. and Chalmandrier, L. and O'Connor, L. and Thuiller, W.},
doi = {10.1111/ELE.13221},
issn = {1461-0248},
journal = {Ecology Letters},
keywords = {2019,ecology letters,hill numbers,interaction network diversity,metanetwork,species aggregation level},
number = {January},
title = {{Diversity indices for ecological networks: a unifying framework using Hill numbers.}},
year = {2019}
}
@article{Ohlmann2019a,
author = {Ohlmann, M. and Miele, V. and Dray, S. and Chalmandrier, L. and O'Connor, L. and Thuiller, W.},
doi = {10.1111/ELE.13221},
issn = {1461-0248},
journal = {Ecology Letters},
keywords = {2019,ecology letters,hill numbers,interaction network diversity,metanetwork,species aggregation level},
number = {January},
title = {{Diversity indices for ecological networks: a unifying framework using Hill numbers.}},
year = {2019}
}
